/Users/rstine/references/stat.bib