/Users/rstine/references/TextPapers/text.bib